@phdthesis{chandana2002,
  author = {P. D. Chandana Perera},
  title = {Sensorless control of permanent-magnet synchronous motor drives},
  year = {2002},
  institution = {Institut for Energiteknik, Aalborg Universitet},
  note = {},
  url = {https://vbn.aau.dk/ws/files/316398823/P_H_chandana_perera.pdf}
}

@phdthesis{carlos2023,
  author = {Carlos Miguel-Espinar},
  title = {Enhanced Flux-Weakening Control Algorithm for Permanent Magnet Synchronous Machines},
  year = {2023},
  institution = {CITCEA, UPC},
  note = {},
  url = {https://vbn.aau.dk/ws/files/316398823/P_H_chandana_perera.pdf}
}

@misc{FSG, url={https://www.formulastudent.de/fileadmin/user_upload/all/2024/rules/FS-Rules_2024_v1.1.pdf}, journal={Formula student rules 2024, version 1.1}, author={FSG}, year = {2024}} 

@misc{Sylvestre_2020, title={Inverter DC Link capacitor selection}, url={https://www.specterengineering.com/blog/2019/9/7/dc-link-capacitor-selection-for-your-inverter}, journal={Specter Engineering}, publisher={Specter Engineering}, author={Sylvestre, Jason}, year={2020}, month={Nov}} 